<record><leader>00000cas a22000007a 4500</leader><controlfield tag="001">22682961</controlfield><controlfield tag="008">901113d185418uumausr ne      0    0eng d</controlfield><datafield ind1=" " ind2=" " tag="010"><subfield code="a">sn 90062523 </subfield></datafield><datafield ind1=" " ind2=" " tag="040"><subfield code="a">NVH</subfield><subfield code="b">eng</subfield><subfield code="c">NVH</subfield><subfield code="d">RHN</subfield><subfield code="d">OCL</subfield><subfield code="d">OCLCQ</subfield><subfield code="d">OCLCF</subfield><subfield code="d">OCLCO</subfield></datafield><datafield ind1="1" ind2=" " tag="029"><subfield code="a">AU@</subfield><subfield code="b">000025859409</subfield></datafield><datafield ind1=" " ind2=" " tag="042"><subfield code="a">msc</subfield></datafield><datafield ind1=" " ind2=" " tag="043"><subfield code="a">n-us-nh</subfield><subfield code="a">n-us-me</subfield><subfield code="a">n-us-ma</subfield><subfield code="a">n-us-ri</subfield></datafield><datafield ind1="0" ind2=" " tag="130"><subfield code="a">Ladies' enterprise (Manchester, N.H.)</subfield></datafield><datafield ind1="1" ind2="0" tag="245"><subfield code="a">Ladies' enterprise.</subfield></datafield><datafield ind1=" " ind2=" " tag="260"><subfield code="a">Manchester, N.H. :</subfield><subfield code="b">Jennie L. Deshon</subfield></datafield><datafield ind1=" " ind2=" " tag="300"><subfield code="a">v.</subfield></datafield><datafield ind1=" " ind2=" " tag="310"><subfield code="a">Weekly,</subfield><subfield code="b">Jan. 6, 1855-</subfield></datafield><datafield ind1=" " ind2=" " tag="321"><subfield code="a">Semimonthly,</subfield><subfield code="b">Aug. 15-Dec. 15, 1854</subfield></datafield><datafield ind1="0" ind2=" " tag="362"><subfield code="a">Vol. 1, no. 1 (Aug. 15, 1854)- ; new ser., v. 2, no. 1 (Dec. 15, 1854)-</subfield></datafield><datafield ind1=" " ind2=" " tag="500"><subfield code="a">Also published in Portland, Me., Boston Mass., Worcester, Mass., and Providence, R.I., 1854-Jan. 1855; published in Boston, Mass. and Portland, Me., Feb.-June 16, 1855; published in Boston, Mass., June 23, 1855-</subfield></datafield><datafield ind1=" " ind2="0" tag="651"><subfield code="a">Manchester (N.H.)</subfield><subfield code="v">Newspapers.</subfield></datafield><datafield ind1=" " ind2="0" tag="651"><subfield code="a">Portland (Me.)</subfield><subfield code="v">Newspapers.</subfield></datafield><datafield ind1=" " ind2="0" tag="651"><subfield code="a">Worcester (Mass.)</subfield><subfield code="v">Newspapers.</subfield></datafield><datafield ind1=" " ind2="0" tag="651"><subfield code="a">Providence (R.I.)</subfield><subfield code="v">Newspapers.</subfield></datafield><datafield ind1=" " ind2="0" tag="651"><subfield code="a">Boston (Mass.)</subfield><subfield code="v">Newspapers.</subfield></datafield><datafield ind1=" " ind2="7" tag="655"><subfield code="a">Newspapers.</subfield><subfield code="2">fast</subfield><subfield code="0">(OCoLC)fst01423814</subfield></datafield><datafield ind1=" " ind2="7" tag="651"><subfield code="a">Maine</subfield><subfield code="z">Portland.</subfield><subfield code="2">fast</subfield><subfield code="0">(OCoLC)fst01213254</subfield></datafield><datafield ind1=" " ind2="7" tag="651"><subfield code="a">Massachusetts</subfield><subfield code="z">Boston.</subfield><subfield code="2">fast</subfield><subfield code="0">(OCoLC)fst01205012</subfield></datafield><datafield ind1=" " ind2="7" tag="651"><subfield code="a">Massachusetts</subfield><subfield code="z">Worcester.</subfield><subfield code="2">fast</subfield><subfield code="0">(OCoLC)fst01207904</subfield></datafield><datafield ind1=" " ind2="7" tag="651"><subfield code="a">New Hampshire</subfield><subfield code="z">Manchester.</subfield><subfield code="2">fast</subfield><subfield code="0">(OCoLC)fst01212997</subfield></datafield><datafield ind1=" " ind2="7" tag="651"><subfield code="a">Rhode Island</subfield><subfield code="z">Providence.</subfield><subfield code="2">fast</subfield><subfield code="0">(OCoLC)fst01204977</subfield></datafield><datafield ind1=" " ind2=" " tag="752"><subfield code="a">United States</subfield><subfield code="b">Massachusetts</subfield><subfield code="c">Suffolk</subfield><subfield code="d">Boston.</subfield></datafield></record>